=LDR  00741 as a22002537i 4500
=001  017620221
=003  Uk
=005  20151118162022.0
=006  m\\\\\|\\d\|\\\\\\
=007  cr\|||||||||||
=008  151118c\\\\9999\\\\\\p\o\\\\\0\\\a0eng\\
=FMT  \\$a  SE
=245  00$aMagistrates recruitment information by area.
=264  \1$bMinistry of Justice.
=336  \\$atext$2rdacontent
=337  \\$acomputer$2rdamedia
=338  \\$aonline resource$2rdacarrier
=859  \\$aELD$bejournal
=852  41$aBritish Library$bHMNTS
=985  \\$aRARP record awaiting upgrade
=CAT  \\$a10902$b40$c20151118$lBLL01$h1620
=CAT  \\$aW1711-1005$c20171206$lBLL01$h1828
=STA  \\$aSUPPRESSED$bRARP record
=LAS  \\$aW1711-1005$b00$c20171206$lBLL01$h1828

