=LDR  00784 as a22002657i 4500
=001  017670912
=003  Uk
=005  20180125155058.0
=006  m\\\\\|\\d\|\\\\\\
=007  cr\|||||||||||
=008  151216c\\\\9999\\\\\\p\o\\\\\0\\\a0eng\\
=FMT  \\$a  SE
=245  00$aIn Focus.
=264  \1$bChurch of England.
=336  \\$atext$2rdacontent
=337  \\$acomputer$2rdamedia
=338  \\$aonline resource$2rdacarrier
=859  \\$aELD$bejournal
=852  41$aBritish Library$bHMNTS
=CAT  \\$a10902$b40$c20151216$lBLL01$h1440
=CAT  \\$aW1711-1225$c20171203$lBLL01$h1057
=CAT  \\$aW1711-1005$c20171206$lBLL01$h1829
=CAT  \\$a10806$b40$c20180125$lBLL01$h1550
=STA  \\$aSUPPRESSED$bunable to determine reason for suppression
=LAS  \\$a10806$b40$c20180125$lBLL01$h1550

