=LDR  00734 as a22002537i 4500
=001  018279510
=003  Uk
=005  20170330155050.0
=006  m\\\\\|\\d\|\\\\\\
=007  cr\|||||||||||
=008  170330c\\\\9999\\\\\\p\o\\\\\0\\\a0eng\\
=FMT  \\$a  SE
=245  00$aPWS news in brief.
=264  \1$bPradar Willi Syndrome association.
=336  \\$atext$2rdacontent
=337  \\$acomputer$2rdamedia
=338  \\$aonline resource$2rdacarrier
=859  \\$aELD$bejournal
=852  41$aBritish Library$bHMNTS
=985  \\$aELD accessioning record awaiting upgrade
=CAT  \\$a10902$b40$c20170330$lBLL01$h1550
=CAT  \\$aW1711-1005$c20171206$lBLL01$h1830
=STA  \\$aSUPPRESSED$bRARP
=LAS  \\$aW1711-1005$b00$c20171206$lBLL01$h1830

