=LDR  00855 as a22002777i 4500
=001  016692542
=003  Uk
=005  20140423151402.0
=006  m\\\\\|\\d\|\\\\\\
=007  cr\|||||||||||
=008  140423c\\\\9999\\\\\\p\o\\\\\0\\\a0eng\\
=FMT  \\$a  SE
=245  00$aGWR Bullet Train
=264  \1$bGWR Preservation Group
=336  \\$atext$2rdacontent
=337  \\$acomputer$2rdamedia
=338  \\$aonline resource$2rdacarrier
=859  \\$aELD$bejournal
=852  41$aBritish Library$bHMNTS
=985  \\$aELD accessioning record awaiting upgrade
=CAT  \\$a8311$b40$c20140423$lBLL01$h1510
=CAT  \\$a8311$b40$c20140423$lBLL01$h1514
=CAT  \\$aW1711-1225$c20171203$lBLL01$h1055
=CAT  \\$aW1711-1005$c20171206$lBLL01$h1827
=STA  \\$aSUPPRESSED$bunable to determine reason for suppression
=LAS  \\$aW1711-1005$b00$c20171206$lBLL01$h1827

