=LDR  00702 as a22002537i 4500
=001  016969154
=003  Uk
=005  20181105085507.0
=006  m\\\\\|\\d\|\\\\\\
=007  cr\|||||||||||
=008  141205c\\\\9999\\\\\\p\o\\\\\0\\\a0eng\\
=FMT  \\$a  SE
=245  00$aClinica.
=264  \1$bInforma UK.
=336  \\$atext$2rdacontent
=337  \\$acomputer$2rdamedia
=338  \\$aonline resource$2rdacarrier
=859  \\$aELD$bejournal
=852  41$aBritish Library$bHMNTS
=CAT  \\$a10902$b40$c20141205$lBLL01$h1201
=CAT  \\$aW1711-1005$c20171206$lBLL01$h1827
=CAT  \\$a10806$b40$c20181105$lBLL01$h0855
=STA  \\$aSUPPRESSED$bIngested as issues
=LAS  \\$a10806$b40$c20181105$lBLL01$h0855

