=LDR  00823 as a22002657i 4500
=001  017167806
=003  Uk
=005  20150422135112.0
=006  m\\\\\|\\d\|\\\\\\
=007  cr\|||||||||||
=008  150422c\\\\9999\\\\\\p\o\\\\\0\\\a0eng\\
=FMT  \\$a  SE
=245  00$aUAR monthly newsletter.
=264  \1$bUnderstanding Animal Research.
=336  \\$atext$2rdacontent
=337  \\$acomputer$2rdamedia
=338  \\$aonline resource$2rdacarrier
=859  \\$aELD$bejournal
=852  41$aBritish Library$bHMNTS
=985  \\$aELD accessioning record awaiting upgrade
=CAT  \\$a10902$b40$c20150422$lBLL01$h1351
=CAT  \\$aW1711-1225$c20171203$lBLL01$h1056
=CAT  \\$aW1711-1005$c20171206$lBLL01$h1828
=STA  \\$aSUPPRESSED$bunable to determine reason for suppression
=LAS  \\$aW1711-1005$b00$c20171206$lBLL01$h1828

